<record><leader>00000cas a2200000 a 4500</leader><controlfield tag="001">13163142</controlfield><controlfield tag="008">860218c19049999txudr ne      0   a0eng  </controlfield><datafield ind1=" " ind2=" " tag="010"><subfield code="a">sn 86071101 </subfield></datafield><datafield ind1=" " ind2=" " tag="040"><subfield code="a">DLC</subfield><subfield code="b">eng</subfield><subfield code="c">DLC</subfield><subfield code="d">UNP</subfield><subfield code="d">NPT</subfield><subfield code="d">PPM</subfield><subfield code="d">DLC</subfield><subfield code="d">OCL</subfield><subfield code="d">CNK</subfield><subfield code="d">DLC</subfield><subfield code="d">MHN</subfield><subfield code="d">OCL</subfield><subfield code="d">OCLCQ</subfield><subfield code="d">OCLCO</subfield><subfield code="d">OCLCQ</subfield><subfield code="d">DLC</subfield><subfield code="d">OCLCF</subfield><subfield code="d">DLC</subfield></datafield><datafield ind1=" " ind2=" " tag="019"><subfield code="a">3988416</subfield><subfield code="a">14279876</subfield><subfield code="a">17014042</subfield></datafield><datafield ind1="0" ind2=" " tag="022"><subfield code="a">2333-4789</subfield><subfield code="2">1</subfield></datafield><datafield ind1=" " ind2=" " tag="042"><subfield code="a">pcc</subfield><subfield code="a">nsdp</subfield></datafield><datafield ind1=" " ind2=" " tag="043"><subfield code="a">n-us-tx</subfield></datafield><datafield ind1="0" ind2="0" tag="050"><subfield code="a">Newspaper</subfield></datafield><datafield ind1="0" ind2="0" tag="082"><subfield code="a">071</subfield><subfield code="2">23</subfield></datafield><datafield ind1=" " ind2="4" tag="222"><subfield code="a">The Beaumont enterprise</subfield><subfield code="b">(Print)</subfield></datafield><datafield ind1="0" ind2="4" tag="245"><subfield code="a">The Beaumont enterprise.</subfield></datafield><datafield ind1="3" ind2="0" tag="246"><subfield code="a">Sunday enterprise</subfield></datafield><datafield ind1="3" ind2="0" tag="246"><subfield code="a">Beaumont Sunday enterprise journal</subfield></datafield><datafield ind1="3" ind2="0" tag="246"><subfield code="a">Beaumont enterprise journal</subfield></datafield><datafield ind1=" " ind2=" " tag="260"><subfield code="a">Beaumont, Tex. :</subfield><subfield code="b">Beaumont Enterprise Pub. Co.</subfield></datafield><datafield ind1=" " ind2=" " tag="300"><subfield code="a">v.</subfield></datafield><datafield ind1=" " ind2=" " tag="310"><subfield code="a">Daily</subfield></datafield><datafield ind1="1" ind2=" " tag="362"><subfield code="a">Began in 1904?</subfield></datafield><datafield ind1=" " ind2=" " tag="500"><subfield code="a">On Sunday issued as: Sunday enterprise; Beaumont Sunday enterprise-journal, and; Beaumont enterprise-journal.</subfield></datafield><datafield ind1=" " ind2=" " tag="500"><subfield code="a">Issue called: Texas Centennial Ed., May 31, 1936.</subfield></datafield><datafield ind1=" " ind2=" " tag="530"><subfield code="a">Archived issues are available in digital format as part of the Library of Congress Chronicling America online collection.</subfield></datafield><datafield ind1=" " ind2=" " tag="588"><subfield code="a">Description based on: Vol. VIII, no. 127 (August 26, 1904).</subfield></datafield><datafield ind1=" " ind2=" " tag="588"><subfield code="a">Latest issue consulted: Vol. VIII, no. 176 (October 14, 1904).</subfield></datafield><datafield ind1=" " ind2="0" tag="651"><subfield code="a">Beaumont (Tex.)</subfield><subfield code="v">Newspapers.</subfield></datafield><datafield ind1=" " ind2="0" tag="651"><subfield code="a">Jefferson County (Tex.)</subfield><subfield code="v">Newspapers.</subfield></datafield><datafield ind1=" " ind2="7" tag="651"><subfield code="a">Texas</subfield><subfield code="z">Beaumont.</subfield><subfield code="2">fast</subfield><subfield code="0">(OCoLC)fst01207804</subfield></datafield><datafield ind1=" " ind2="7" tag="651"><subfield code="a">Texas</subfield><subfield code="z">Jefferson County.</subfield><subfield code="2">fast</subfield><subfield code="0">(OCoLC)fst01207021</subfield></datafield><datafield ind1=" " ind2="7" tag="655"><subfield code="a">Newspapers.</subfield><subfield code="2">fast</subfield><subfield code="0">(OCoLC)fst01423814</subfield></datafield><datafield ind1=" " ind2=" " tag="752"><subfield code="a">United States</subfield><subfield code="b">Texas</subfield><subfield code="c">Jefferson</subfield><subfield code="d">Beaumont.</subfield></datafield><datafield ind1="0" ind2="8" tag="776"><subfield code="i">Online version:</subfield><subfield code="t">Beaumont enterprise (Online)</subfield><subfield code="x">2333-4800</subfield><subfield code="w">(DLC)  2013271965</subfield></datafield><datafield ind1="0" ind2="0" tag="780"><subfield code="t">Daily enterprise (Beaumont, Tex.)</subfield><subfield code="w">(DLC)  2013271050</subfield><subfield code="w">(OCoLC)826765770</subfield></datafield><datafield ind1="4" ind2="1" tag="856"><subfield code="u">http://www.loc.gov/chroniclingamerica/lccn/sn86071101/issues</subfield></datafield><datafield ind1="1" ind2=" " tag="029"><subfield code="a">AU@</subfield><subfield code="b">000022176706</subfield></datafield></record>